@inproceedings{awangga2017colenak,
  title={Colenak: GPS tracking model for post-stroke rehabilitation program using AES-CBC URL encryption and QR-Code},
  author={Awangga, Rolly Maulana and Fathonah, Nuraini Siti and Hasanudin, Trisna Irmayadi},
  booktitle={Information Technology, Information Systems and Electrical Engineering (ICITISEE), 2017 2nd International conferences on},
  pages={255--260},
  year={2017},
  organization={IEEE}
}

@article{awangga2018k,
  title={K Means Clustering and Meanshift Analysis for Grouping the Data of Coal Term in Puslitbang tekMIRA.},
  author={Awangga, Rolly Maulana and Pane, Syafrial Fachri and Tunnisa, Khaera and Suwardi, Iping Supriana},
  journal={Telkomnika},
  volume={16},
  number={3},
  year={2018}
}

@article{salman2019minimum,
  title={The Minimum Cost for the Vascular Network Using Linear Programming Based Its Path Graph},
  author={Salman, Shatha A and Hussin, Abeer},
  journal={Iraqi Journal of Science},
  volume={60},
  number={4},
  pages={859--867},
  year={2019}
}

@article{novianti2019implementasi,
  title={IMPLEMENTASI ALGORITMA FLOYD WARSHALL PADA APLIKASI PENGADUAN MASYARAKAT BERBASIS ANDROID},
  author={Novianti, Regita and Krisdiawan, Rio Andriyat},
  journal={NUANSA INFORMATIKA},
  volume={13},
  number={1},
  year={2019}
}

@article{pane2018qualitative,
  title={Qualitative Evaluation of RFID Implementation on Warehouse Management System.},
  author={Pane, Syafrial Fachri and Awangga, Rolly Maulana and Azhari, Bayu Rahmad},
  journal={Telkomnika},
  volume={16},
  number={3},
  year={2018}
}

@article{setyawan2018analysis,
  title={Analysis and Design of Feature Application Setting Dashboard on Svara Applications Using Ucd Method (User-Centred Design) at PT. Zamrud Khatulistiwa Technology},
  author={Setyawan, Muhammad Yusril Helmi and Awangga, Rolly Maulana and Afriyanti, Rezka},
  journal={TELKOMNIKA (Telecommunication Computing Electronics and Control)},
  volume={17},
  number={2},
  year={2018}
}

@article{siregar2017perancangan,
  title={Perancangan Aplikasi Sms Alert Berbasis Web},
  author={Siregar, Iqbal Kamil and Taufik, Faisal},
  journal={JIMP-Jurnal Informatika Merdeka Pasuruan},
  volume={2},
  number={2},
  year={2017}
}

@article{siregar2018rancang,
  title={Rancang Bangun Aplikasi Simpan Pinjam Uang Mahasiswa Fakultas Teknik Universitas Asahan Berbasis Web},
  author={Siregar, Helmi Fauzi and Sari, Nilfa},
  journal={Jurnal Teknologi Informasi},
  volume={2},
  number={1},
  pages={53--59},
  year={2018}
}

@inproceedings{setyawan2018comparison,
  title={Comparison Of Multinomial Naive Bayes Algorithm And Logistic Regression For Intent Classification In Chatbot},
  author={Setyawan, Muhammad Yusril Helmi and Awangga, Rolly Maulana and Efendi, Safif Rafi},
  booktitle={2018 International Conference on Applied Engineering (ICAE)},
  pages={1--5},
  year={2018},
  organization={IEEE}
}

@inproceedings{awangga2018ontology,
  title={Ontology Design of Influential People Identification Using Centrality},
  author={Awangga, Rolly Maulana and Yusril, Muhammad and Setyawan, Helmi},
  booktitle={Journal of Physics: Conference Series},
  volume={1007},
  number={1},
  pages={012012},
  year={2018},
  organization={IOP Publishing}
}

@inproceedings{armiati2018national,
  title={National Border Agency Communication Behaviour Clustering Using Centrality and Meanshift},
  author={Armiati, Sari and Awangga, Rolly Maulana and Muhammad, Adji Suradji},
  booktitle={2018 International Conference on Applied Engineering (ICAE)},
  pages={1--4},
  year={2018},
  organization={IEEE}
}

@inproceedings{pane2018analysis,
  title={Analysis of Investment IT Planning on Logistic Company Using COBIT 5},
  author={Pane, Syafrial Fachri and Awangga, Rolly Maulana and Nuraini, Rd and Fathonah, Siti},
  booktitle={Journal of Physics: Conference Series},
  volume={1007},
  number={1},
  pages={012051},
  year={2018},
  organization={IOP Publishing}
}

@article{awangga2019implementation,
  title={Implementation of web scraping on github task monitoring system},
  author={Awangga, Rolly Maulana and Pane, Syafrial Fachri and Astuti, Restiyana Dwi},
  journal={TELKOMNIKA (Telecommunication Computing Electronics and Control)},
  volume={17},
  number={1},
  pages={275--281},
  year={2019}
}

@article{awangga2019kafa,
  title={KAFA: A novel interoperability open framework to utilize Indonesian electronic identity card},
  author={Awangga, Rolly Maulana and Harani, Nisa Hanum and Setyawan, Muhammad Yusril Helmi},
  journal={TELKOMNIKA (Telecommunication Computing Electronics and Control)},
  volume={17},
  number={2},
  year={2019}
}

@article{awangga2019ontology,
  title={Ontology Design of Family Planning Field Officer for Family Planning Agency Using OWL and RDF},
  author={Awangga, Rolly Maulana and Assegaff, Setiawan and Pane, Syafrial Fachri and Kahfi, Muhammad Firman},
  journal={TELKOMNIKA (Telecommunication Computing Electronics and Control)},
  volume={17},
  number={1},
  pages={161--169},
  year={2019}
}

@inproceedings{maulani2018analysis,
  title={An Analysis of Customer Agrotourism Resort Behaviour based on RFM and Mean Shift Clustering},
  author={Maulani, Muhammad Ruslan and Pane, Syafrial Fachri and Awangga, Rolly Maulana and Wijayanti, Diana Asri and Caesarendra, Wahyu},
  booktitle={2018 International Conference on Applied Engineering (ICAE)},
  pages={1--5},
  year={2018},
  organization={IEEE}
}

@inproceedings{harani2018improving,
  title={Improving TOGAF ADM 9.1 Migration Planning Phase by ITIL V3 Service Transition},
  author={Harani, Nisa Hanum and Arman, Arry Akhmad and Awangga, Rolly Maulana},
  booktitle={Journal of Physics: Conference Series},
  volume={1007},
  number={1},
  pages={012036},
  year={2018},
  organization={IOP Publishing}
}

@article{yulita2018feature,
  title={Feature Extraction Analysis for Hidden Markov Models in Sundanese Speech Recognition.},
  author={Yulita, Intan Nurma and Hidayat, Akik and Abdullah, Atje Setiawan and Awangga, Rolly Maulana},
  journal={Telkomnika},
  volume={16},
  number={5},
  year={2018}
}

@article{pane2019rfid,
  title={RFID-based conveyor belt for improve warehouse operations},
  author={Pane, Syafrial Fachri and Awangga, Rolly Maulana and Azhari, Bayu Rahmad and Tartila, Gilang Romadhanu},
  journal={TELKOMNIKA (Telecommunication Computing Electronics and Control)},
  volume={17},
  number={2},
  year={2019}
}

@inproceedings{awangga2018sampeu,
  title={Sampeu: Servicing Web Map Tile Service over Web Map Service to Increase Computation Performance},
  author={Awangga, RM},
  booktitle={IOP Conference Series: Earth and Environmental Science},
  volume={145},
  number={1},
  pages={012057},
  year={2018},
  organization={IOP Publishing}
}



%%%%%%%%%%%%%%%%%%%%%%%%%%%%%%%%%%%%%%%%%%%%%%%%%%%%%%%%%%%%%%%
@article{prabowo2015website,
  title={Website E-Commerce Menggunakan Model View Controller (MVC) Dengan Framework Codeigniter Studi Kasus: Toko Miniatur},
  author={Prabowo, Donni},
  journal={Data Manajemen dan Teknologi Informasi (DASI)},
  volume={16},
  number={1},
  pages={23},
  year={2015}
}

@article{sugiarto2019aplikasi,
  title={APLIKASI LAYANAN INFORMASI ABSEN DAN NILAI BERBASIS SMS GAYEWAY MENGGUNAKAN PHP PADA SMK TARUNA PERSADA DUMAI},
  author={Sugiarto, M Ilham and Linarta, Arie and Sofiyan, Amat},
  journal={INFORMATIKA},
  volume={9},
  number={2},
  pages={60--69},
  year={2019}
}

@article{liu2016mining,
  title={Mining high utility patterns in one phase without generating candidates},
  author={Liu, Junqiang and Wang, Ke and Fung, Benjamin CM},
  journal={IEEE Transactions on knowledge and data engineering},
  volume={28},
  number={5},
  pages={1245--1257},
  year={2016},
  publisher={IEEE}
}

@article{wei2015genetic,
  title={A genetic-algorithm-based explicit description of object contour and its ability to facilitate recognition},
  author={Wei, Hui and Tang, Xue-Song},
  journal={IEEE transactions on cybernetics},
  volume={45},
  number={11},
  pages={2558--2571},
  year={2015},
  publisher={IEEE}
}

@article{williams2019crusader,
  title={The Crusader and the Dictator: An Exploration of Ideology and Neurodivergence in Contemporary Technology Practice},
  author={Williams, David J},
  year={2019}
}

@article{ghanbartehrani2019efficient,
  title={An efficient algorithm for solving the median problem on real road networks},
  author={Ghanbartehrani, Saeed and Porter, J David},
  journal={Engineering Optimization},
  pages={1--14},
  year={2019},
  publisher={Taylor \& Francis}
}

@incollection{hellwig2019optimization,
  title={Optimization of ascent assembly design based on a combinatorial problem representation},
  author={Hellwig, Michael and Entner, Doris and Prante, Thorsten and Z{\u{a}}voianu, Alexandru-Ciprian and Schwarz, Martin and Fink, Klara},
  booktitle={Evolutionary and Deterministic Methods for Design Optimization and Control With Applications to Industrial and Societal Problems},
  pages={291--306},
  year={2019},
  publisher={Springer}
}

@article{hidayat2019sistem,
  title={SISTEM PENUNJANG KEPUTUSAN PENCARIAN JARAK TERPENDEK MENUJU RUMAH SAKIT DAN PUSKESMAS DENGAN METODE DIJKSTRA},
  author={Hidayat, Hari Toha},
  journal={TECHSI-Jurnal Teknik Informatika},
  volume={8},
  number={1},
  pages={95--124},
  year={2019}
}

@article{hasibuan2016penerapan,
  title={Penerapan Algoritma Floyd Warshall Untuk Menentukan Jalur Terpendek Dalam Pengiriman Barang},
  author={Hasibuan, Ahyar Rivai},
  journal={JURIKOM (Jurnal Riset Komputer)},
  volume={3},
  number={6},
  year={2016}
}

@article{darnita2017implementasi,
  title={IMPLEMENTASI ALGORITMA FLOYD WARSHALL UNTUK MENENTUKAN LETAK DAN LOKASI PERUSAHAAN TRAVEL/RENTAL MOBIL DI KOTA BENGKULU},
  author={Darnita, Yulia and Toyib, Rozali and Rinaldi, Rinaldi},
  journal={Pseudocode},
  volume={4},
  number={2},
  pages={144--155},
  year={2017}
}

@website{everviewleaflet,
  title={Overview Leaflet 'https://leafletjs.com/index.html'},
  author={Vladimir Agafonkin},
  year={2017},
  publisher={Vladimir Agafonkin}
}